@misc{huang93,
    author  = "Huang, Gliang-Kai; Wang, Mao-Jiun J.",
    title   = "IMAGE THRESHOLDING BY MINIMIZING THE MEASURES OF FUZZINESS",
    year    = "1993",
}

@misc{morse00,
    author  = "Morse, Bryan S.",
    title   = "Lecture 4: Thresholding",
    note 	= "Brigham Young University",
    year    = "2000",
}

@misc{fiji04,
    author  = "Sacha, Jerek",
    title   = "Maximum Entropy Threshold",
    note 	= "Fiji Manual",
    url		= "http://fiji.sc/Maximum_Entropy_Threshold",
    year    = "2004",
}

@misc{green10,
    author  = "Greensted, Andrew",
    title   = "Otsu Thresholding",
    note 	= "The Lab Book Pages",
    url		= "http://www.labbookpages.co.uk/software/imgProc/otsuThreshold.html",
    year    = "2010",
}

@misc{landini13,
    author  = "Landini, Gabriel",
    title   = "Auto Threshold",
    note 	= "Fiji Manual",
    url		= "http://fiji.sc/Auto_Threshold",
    year    = "2013",
}
